
@article{yuquan2015,
author = {Wang, Yuquan and Smith, Christian and Karayiannidis, Yiannis and Ögren, Petter},
title = {Whole Body Control of a Dual-Arm Mobile Robot Using a Virtual Kinematic Chain},
journal = {International Journal of Humanoid Robotics},
volume = {13},
number = {01},
pages = {1550047},
year = {2016},
doi = {10.1142/S0219843615500474},
URL = {http://www.worldscientific.com/doi/abs/10.1142/S0219843615500474},
eprint = {http://www.worldscientific.com/doi/pdf/10.1142/S0219843615500474}
}


@inproceedings{nakashima2006paddle,
  title={Paddle juggling of one ball by robot manipulator with visual servo},
  author={Nakashima, Akira and Sugiyama, Yoshiyasu and Hayakawa, Yoshikazu},
  booktitle={Control, Automation, Robotics and Vision, 2006. ICARCV'06. 9th International Conference on},
  pages={1--6},
  year={2006},
  organization={IEEE}
}

@inproceedings{kober2012playing,
  title={Playing catch and juggling with a humanoid robot},
  author={Kober, Jens and Glisson, Matthew and Mistry, Michael},
  booktitle={Humanoid Robots (Humanoids), 2012 12th IEEE-RAS International Conference on},
  pages={875--881},
  year={2012},
  organization={IEEE}
}
@article{post2000principal,
  title={Principal components in three-ball cascade juggling},
  author={Post, AA and Daffertshofer, Andreas and Beek, Peter J},
  journal={Biological Cybernetics},
  volume={82},
  number={2},
  pages={143--152},
  year={2000},
  publisher={Springer}
}

@article{buehler1994planning,
  title={Planning and control of robotic juggling and catching tasks},
  author={Buehler, Martin and Koditschek, Daniel E and Kindlmann, Peter J},
  journal={The International Journal of Robotics Research},
  volume={13},
  number={2},
  pages={101--118},
  year={1994},
  publisher={Sage Publications}
}

@article{rizzi1992distributed,
  title={Distributed real-time control of a spatial robot juggler},
  author={Rizzi, Alfred A and Whitcomb, Louis L and Koditschek, Daniel E},
  journal={Computer},
  volume={25},
  number={5},
  pages={12--24},
  year={1992},
  publisher={IEEE}
}


@article{lipkin1988hybrid,
  title={Hybrid twist and wrench control for a robotic manipulator},
  author={Lipkin, Harvey and Duffy, Joseph},
  journal={Journal of Mechanical Design},
  volume={110},
  number={2},
  pages={138--144},
  year={1988},
  publisher={American Society of Mechanical Engineers}
}
@article{chiu1988task,
  title={Task compatibility of manipulator postures},
  author={Chiu, Stephen L},
  journal={The International Journal of Robotics Research},
  volume={7},
  number={5},
  pages={13--21},
  year={1988},
  publisher={Sage Publications}
}
@article{chiaverini1997singularity,
  title={Singularity-robust task-priority redundancy resolution for real-time kinematic control of robot manipulators},
  author={Chiaverini, Stefano},
  journal={Robotics and Automation, IEEE Transactions on},
  volume={13},
  number={3},
  pages={398--410},
  year={1997},
  publisher={IEEE}
}

@article{oetomo2009singularity,
  title={Singularity robust algorithm in serial manipulators},
  author={Oetomo, Denny and Ang Jr, Marcelo H},
  journal={Robotics and Computer-Integrated Manufacturing},
  volume={25},
  number={1},
  pages={122--134},
  year={2009},
  publisher={Elsevier}
}
@article{schumacher1992pointwise,
  title={A pointwise criterion for controller robustness},
  author={Schumacher, Johannes M},
  journal={Systems \& control letters},
  volume={18},
  number={1},
  pages={1--8},
  year={1992},
  publisher={Elsevier}
}
@book{yoshikawa1990foundations,
  title={Foundations of robotics: analysis and control},
  author={Yoshikawa, Tsuneo},
  year={1990},
  publisher={Mit Press}
}
@inproceedings{lee1997study,
  title={A study on the manipulability measures for robot manipulators},
  author={Lee, Jihong},
  booktitle={Intelligent Robots and Systems, 1997. IROS'97., Proceedings of the 1997 IEEE/RSJ International Conference on},
  volume={3},
  pages={1458--1465},
  year={1997},
  organization={IEEE}
}
%% This BibTeX bibliography file was created using BibDesk.
%% http://bibdesk.sourceforge.net/


%% Created for Petter Ögren at 2015-03-24 22:26:11 +0100 


%% Saved with string encoding Unicode (UTF-8) 
@article{elkady2010new,
  title={A new algorithm for measuring and optimizing the manipulability index},
  author={Elkady, Ayssam Yehia and Mohammed, Mohammed and Sobh, Tarek},
  journal={Journal of Intelligent and Robotic systems},
  volume={59},
  number={1},
  pages={75--86},
  year={2010},
  publisher={Springer}
}
@article{kucuk2006comparative,
  title={Comparative study of performance indices for fundamental robot manipulators},
  author={Kucuk, Serdar and Bingul, Zafer},
  journal={Robotics and Autonomous Systems},
  volume={54},
  number={7},
  pages={567--573},
  year={2006},
  publisher={Elsevier}
}
@article{gosselin1991global,
  title={A global performance index for the kinematic optimization of robotic manipulators},
  author={Gosselin, Clement and Angeles, Jorge},
  journal={Journal of Mechanical Design},
  volume={113},
  number={3},
  pages={220--226},
  year={1991},
  publisher={American Society of Mechanical Engineers}
}

@article{galantai2008subspaces,
  title={Subspaces, angles and pairs of orthogonal projections},
  author={Gal{\'a}ntai, A},
  journal={Linear and Multilinear Algebra},
  volume={56},
  number={3},
  pages={227--260},
  year={2008},
  publisher={Taylor \& Francis}
}

@article{zhang2004matrix,
  title={Matrix analysis and applications},
  author={Zhang, Xianda},
  journal={Tsinghua and Springer Publishing house, Beijing},
  pages={71--100},
  year={2004}
}
@article{ipsen1995angle,
  title={The angle between complementary subspaces},
  author={Ipsen, Ilse CF and Meyer, Carl D},
  journal={American Mathematical Monthly},
  pages={904--911},
  year={1995},
  publisher={JSTOR}
}


@article{smits2009itasc,
	Author = {Smits, R. and Laet, T. and Claes, K. and Bruyninckx, H. and Schutter, J.},
	Date-Added = {2015-03-24 21:26:09 +0000},
	Date-Modified = {2015-03-24 21:26:09 +0000},
	Journal = {Multisensor Fusion and Integration for Intelligent Systems},
	Pages = {235--254},
	Publisher = {Springer},
	Title = {itasc: A tool for multi-sensor integration in robot manipulation},
	Year = {2009}}

@book{samson1991robot,
	Author = {Samson, C. and Le Borgne, M. and Espiau, B.},
	Date-Added = {2015-03-24 21:25:59 +0000},
	Date-Modified = {2015-03-24 21:25:59 +0000},
	Publisher = {Clarendon Press Oxford, England},
	Title = {Robot control: the task function approach},
	Volume = {22},
	Year = {1991}}

@inproceedings{decre2009extending,
	Author = {Decr{\'e}, W. and Smits, R. and Bruyninckx, H. and De Schutter, J.},
	Booktitle = {IEEE International Conference on Robotics and Automation (ICRA)},
	Date-Added = {2015-03-24 21:25:38 +0000},
	Date-Modified = {2015-03-24 21:25:38 +0000},
	Organization = {IEEE},
	Pages = {964--971},
	Title = {Extending iTaSC to support inequality constraints and non-instantaneous task specification},
	Year = {2009}}

@article{peng1993compliant,
	Author = {Peng, Z.X. and Adachi, N.},
	Date-Added = {2015-03-24 21:25:26 +0000},
	Date-Modified = {2015-03-24 21:25:26 +0000},
	Journal = {Robotics and Automation, IEEE Transactions on},
	Number = {6},
	Pages = {831--836},
	Publisher = {IEEE},
	Title = {Compliant motion control of kinematically redundant manipulators},
	Volume = {9},
	Year = {1993}}

@article{seraji1989configuration,
	Author = {Seraji, H.},
	Date-Added = {2015-03-24 21:25:18 +0000},
	Date-Modified = {2015-03-24 21:25:18 +0000},
	Journal = {Robotics and Automation, IEEE Transactions on},
	Number = {4},
	Pages = {472--490},
	Publisher = {IEEE},
	Title = {Configuration control of redundant manipulators: Theory and implementation},
	Volume = {5},
	Year = {1989}}

@article{ogren2011model,
	Author = {{\"O}gren, P. and Robinson, J.W.C.},
	Date-Added = {2015-03-24 21:07:40 +0000},
	Date-Modified = {2015-03-24 21:07:40 +0000},
	Journal = {Journal of Intelligent \& Robotic Systems},
	Pages = {1--26},
	Publisher = {Springer},
	Title = {A Model Based Approach to Modular Multi-Objective Robot Control},
	Year = {2011}}

@inproceedings{772525,
	Author = {Yamamoto, Y. and Yun, X.},
	Booktitle = {Robotics and Automation, 1999. Proceedings. 1999 IEEE International Conference on},
	Doi = {10.1109/ROBOT.1999.772525},
	Issn = {1050-4729},
	Keywords = {manipulator dynamics;manipulator kinematics;mobile robots;motion control;articulated manipulators;dynamics;ellipsoid;kinematics;locomotion;manipulability;mobile manipulators;mobile robots;mobility;task space;wheeled mobile platform;Arm;Ellipsoids;Equations;Extraterrestrial measurements;Kinematics;Manipulator dynamics;Mobile computing;Mobile robots;Motion analysis;Visualization},
	Pages = {1200-1206 vol.2},
	Title = {Unified analysis on mobility and manipulability of mobile manipulators},
	Volume = {2},
	Year = {1999},
	Bdsk-Url-1 = {http://dx.doi.org/10.1109/ROBOT.1999.772525}}

@ook{murray1994mathematical,
	Author = {Murray, Richard M and Li, Zexiang and Sastry, S Shankar and Sastry, S Shankara},
	Publisher = {CRC press},
	Title = {A mathematical introduction to robotic manipulation},
	Year = {1994}}
@article{muller2014higher,
  title={Higher derivatives of the kinematic mapping and some applications},
  author={M{\"u}ller, Andreas},
  journal={Mechanism and Machine Theory},
  volume={76},
  pages={70--85},
  year={2014},
  publisher={Elsevier}
}
@inproceedings{muller2014,
	Author = {Muller, A.},
	Booktitle = {Robotics and Automation (ICRA), 2014 IEEE International Conference on},
	Doi = {10.1109/ICRA.2014.6907566},
	Keywords = {dexterous manipulators;end effectors;manipulator kinematics;position control;closed form expression;explicit expressions;first partial derivatives;forward kinematics;geometric link parameters;geometric variations;kinematic dexterity measures;link geometry;manipulator design parameters;manipulator geometric parameters;manipulator posture;parallel manipulators;posture change;second partial derivatives;serial manipulators;virtual joint method;Fasteners;Geometry;Jacobian matrices;Joints;Kinematics;Manipulators;Sensitivity;Dexterity;Lie groups;forward kinematics;manipulability;optimization;path planning;virtual joint method},
	Month = {May},
	Pages = {4831-4836},
	Title = {Closed form expressions for the sensitivity of kinematic dexterity measures to posture changing and geometric variations},
	Year = {2014},
	Bdsk-Url-1 = {http://dx.doi.org/10.1109/ICRA.2014.6907566}}

@article{bayle2003manipulability,
	Author = {Bayle, Bernard and Fourquet, J-Y and Renaud, Marc},
	Journal = {The International Journal of Robotics Research},
	Number = {7-8},
	Pages = {565--581},
	Publisher = {SAGE Publications},
	Title = {Manipulability of wheeled mobile manipulators: Application to motion generation},
	Volume = {22},
	Year = {2003}}

@inproceedings{seraji1993line,
	Author = {Seraji, Homayoun},
	Booktitle = {Robotics and Automation, 1993. Proceedings., 1993 IEEE International Conference on},
	Organization = {IEEE},
	Pages = {28--35},
	Title = {An on-line approach to coordinated mobility and manipulation},
	Year = {1993}}

@article{corke1996robotics,
	Author = {Corke, Peter},
	Journal = {Robotics \& Automation Magazine, IEEE},
	Number = {1},
	Pages = {24--32},
	Publisher = {IEEE},
	Title = {A robotics toolbox for MATLAB},
	Volume = {3},
	Year = {1996}}

@book{nakamura1990advanced,
	Author = {Nakamura, Yoshihiko},
	Publisher = {Addison-Wesley Longman Publishing Co., Inc.},
	Title = {Advanced robotics: redundancy and optimization},
	Year = {1990}}

@article{chiacchio2000new,
	Author = {Chiacchio, Pasquale},
	Journal = {Robotica},
	Number = {04},
	Pages = {381--387},
	Publisher = {Cambridge Univ Press},
	Title = {A new dynamic manipulability ellipsoid for redundant manipulators},
	Volume = {18},
	Year = {2000}}

@inproceedings{vahrenkamp2012manipulability,
	Author = {Vahrenkamp, Nikolaus and Asfour, Tamim and Metta, Giorgio and Sandini, Giulio and Dillmann, Rudiger},
	Booktitle = {Humanoid Robots (Humanoids), 2012 12th IEEE-RAS International Conference on},
	Organization = {IEEE},
	Pages = {568--573},
	Title = {Manipulability analysis},
	Year = {2012}}

@article{park1994kinematic,
	Author = {Park, Frank C and Brockett, Roger W},
	Journal = {The International Journal of Robotics Research},
	Number = {1},
	Pages = {1--15},
	Publisher = {Sage Publications},
	Title = {Kinematic dexterity of robotic mechanisms},
	Volume = {13},
	Year = {1994}}

@inproceedings{guilamo2006manipulability,
	Author = {Guilamo, Luis and Kuffner, James and Nishiwaki, Koichi and Kagami, Satoshi},
	Booktitle = {Robotics and Automation, 2006. ICRA 2006. Proceedings 2006 IEEE International Conference on},
	Organization = {IEEE},
	Pages = {2017--2022},
	Title = {Manipulability optimization for trajectory generation},
	Year = {2006}}

@article{abdel2004placement,
	Author = {Abdel-Malek, Karim and Yu, Wei and Yang, Jingzhou},
	Journal = {International Journal of Robotics and Automation},
	Number = {1},
	Pages = {6--14},
	Publisher = {Anaheim, Calif.; Calgary, Alta.: Acta Press,[1986]-},
	Title = {Placement of robot manipulators to maximize dexterity},
	Volume = {19},
	Year = {2004}}

@article{yoshikawa1985manipulability,
	Author = {Yoshikawa, Tsuneo},
	Journal = {The international journal of Robotics Research},
	Number = {2},
	Pages = {3--9},
	Publisher = {Sage Publications},
	Title = {Manipulability of robotic mechanisms},
	Volume = {4},
	Year = {1985}}

@article{lee1989dual,
	Author = {Lee, Sukhan},
	Journal = {Robotics and Automation, IEEE Transactions on},
	Number = {1},
	Pages = {78--97},
	Publisher = {IEEE},
	Title = {Dual redundant arm configuration optimization with task-oriented dual arm manipulability},
	Volume = {5},
	Year = {1989}}

@inproceedings{yoshikawa1991translational,
	Author = {Yoshikawa, Tsuneo},
	Booktitle = {Industrial Electronics, Control and Instrumentation, 1991. Proceedings. IECON'91., 1991 International Conference on},
	Organization = {IEEE},
	Pages = {1170--1175},
	Title = {Translational and rotational manipulability of robotic manipulators},
	Year = {1991}}

@article{bicchi2000manipulability,
	Author = {Bicchi, Antonio and Prattichizzo, Domenico},
	Journal = {Robotics and Automation, IEEE Transactions on},
	Number = {4},
	Pages = {336--345},
	Publisher = {IEEE},
	Title = {Manipulability of cooperating robots with unactuated joints and closed-chain mechanisms},
	Volume = {16},
	Year = {2000}}

@article{doty1995robot,
	Author = {Doty, Keith L and Melchiorri, Claudio and Schwartz, Eric M and Bonivento, Claudio},
	Journal = {IEEE Transactions on Robotics and Automation},
	Number = {3},
	Pages = {462--468},
	Publisher = {Institute of Electrical and Electronics Engineers},
	Title = {Robot manipulability},
	Volume = {11},
	Year = {1995}}

@article{park1994computational,
	Author = {Park, Frank C},
	Journal = {Automatic Control, IEEE Transactions on},
	Number = {3},
	Pages = {643--647},
	Publisher = {IEEE},
	Title = {Computational aspects of the product-of-exponentials formula for robot kinematics},
	Volume = {39},
	Year = {1994}}

@inproceedings{yamamoto1999unified,
	Author = {Yamamoto, Yoshio and Yun, Xiaoping},
	Booktitle = {Robotics and Automation, 1999. Proceedings. 1999 IEEE International Conference on},
	Organization = {IEEE},
	Pages = {1200--1206},
	Title = {Unified analysis on mobility and manipulability of mobile manipulators},
	Volume = {2},
	Year = {1999}}

@inproceedings{muller2014closed,
	Author = {Muller, A},
	Booktitle = {Robotics and Automation (ICRA), 2014 IEEE International Conference on},
	Organization = {IEEE},
	Pages = {4831--4836},
	Title = {Closed form expressions for the sensitivity of kinematic dexterity measures to posture changing and geometric variations},
	Year = {2014}}

@book{khalil2002nonlinear,
	Author = {Khalil, Hassan K and Grizzle, JW},
	Publisher = {Prentice hall Upper Saddle River},
	Title = {Nonlinear systems},
	Volume = {3},
	Year = {2002}}

@inproceedings{tsumugiwa2004stability,
	Author = {Tsumugiwa, Toru and Yokogawa, Ryuichi and Yoshida, Kazunobu},
	Booktitle = {Intelligent Robots and Systems, 2004.(IROS 2004). Proceedings. 2004 IEEE/RSJ International Conference on},
	Organization = {IEEE},
	Pages = {3883--3888},
	Title = {Stability analysis for impedance control of robot for human-robot cooperative task system},
	Volume = {4},
	Year = {2004}}

@inproceedings{duchaine2007general,
	Author = {Duchaine, Vincent and Gosselin, Clement M},
	Booktitle = {EuroHaptics Conference, 2007 and Symposium on Haptic Interfaces for Virtual Environment and Teleoperator Systems. World Haptics 2007. Second Joint},
	Organization = {IEEE},
	Pages = {446--451},
	Title = {General model of human-robot cooperation using a novel velocity based variable impedance control},
	Year = {2007}}

@inproceedings{ikeura2002optimal,
	Author = {Ikeura, Ryojun and Moriguchi, Tomoki and Mizutani, Kazuki},
	Booktitle = {Robot and Human Interactive Communication, 2002. Proceedings. 11th IEEE International Workshop on},
	Organization = {IEEE},
	Pages = {500--505},
	Title = {Optimal variable impedance control for a robot and its application to lifting an object with a human},
	Year = {2002}}

@article{793782,
	Author = {Caccavale, F. and Siciliano, B. and Villani, L.},
	Doi = {10.1109/9.793782},
	Issn = {0018-9286},
	Journal = {Automatic Control, IEEE Transactions on},
	Keywords = {force control;geometry;manipulator dynamics;matrix algebra;end-effector dynamic behavior;geometric properties;mechanical impedance;nondiagonal stiffness;orientation displacements;position displacements;robot impedance control;stiffness matrix;task requirements;unit quaternions;Damping;End effectors;Equations;Force control;Impedance;Jacobian matrices;Manipulator dynamics;Quaternions;Robot control;Stability},
	Month = {Oct},
	Number = {10},
	Pages = {1943-1946},
	Title = {Robot impedance control with nondiagonal stiffness},
	Volume = {44},
	Year = {1999},
	Bdsk-Url-1 = {http://dx.doi.org/10.1109/9.793782}}

@inproceedings{albu2004soft,
	Author = {Albu-Schaffer, A and Fischer, Max and Schreiber, G{\"u}nter and Schoeppe, Florian and Hirzinger, Gerd},
	Booktitle = {Intelligent Robots and Systems, 2004.(IROS 2004). Proceedings. 2004 IEEE/RSJ International Conference on},
	Organization = {IEEE},
	Pages = {3295--3301},
	Title = {Soft robotics: what cartesian stiffness can obtain with passively compliant, uncoupled joints?},
	Volume = {4},
	Year = {2004}}

@inproceedings{albu2003cartesian,
	Author = {Albu-Schaffer, Alin and Ott, Christian and Frese, Udo and Hirzinger, Gerd},
	Booktitle = {Robotics and Automation, 2003. Proceedings. ICRA'03. IEEE International Conference on},
	Organization = {IEEE},
	Pages = {3704--3709},
	Title = {Cartesian impedance control of redundant robots: Recent results with the DLR-light-weight-arms},
	Volume = {3},
	Year = {2003}}

@book{camacho2013model,
	Author = {Camacho, Eduardo F and Alba, Carlos Bordons},
	Publisher = {Springer},
	Title = {Model predictive control},
	Year = {2013}}

@inproceedings{roveda2013deformation,
	Author = {Roveda, Loris and Vicentini, Federico and Tosatti, Lorenzo Molinari},
	Booktitle = {Intelligent Robots and Systems (IROS), 2013 IEEE/RSJ International Conference on},
	Organization = {IEEE},
	Pages = {1992--1997},
	Title = {Deformation-tracking impedance control in interaction with uncertain environments},
	Year = {2013}}

@article{albu2007unified,
	Author = {Albu-Sch{\"a}ffer, Alin and Ott, Christian and Hirzinger, Gerd},
	Journal = {The International Journal of Robotics Research},
	Number = {1},
	Pages = {23--39},
	Publisher = {SAGE Publications},
	Title = {A unified passivity-based control framework for position, torque and impedance control of flexible joint robots},
	Volume = {26},
	Year = {2007}}

@inproceedings{colgate1989analysis,
	Author = {Colgate, Ed and Hogan, Neville},
	Booktitle = {Robotics and Automation, 1989. Proceedings., 1989 IEEE International Conference on},
	Organization = {IEEE},
	Pages = {404--409},
	Title = {An analysis of contact instability in terms of passive physical equivalents},
	Year = {1989}}

@article{tee2004model,
	Author = {Tee, Keng Peng and Burdet, Etienne and Chew, Chee-Meng and Milner, Theodore E},
	Journal = {Biological cybernetics},
	Number = {5},
	Pages = {368--375},
	Publisher = {Springer},
	Title = {A model of force and impedance in human arm movements},
	Volume = {90},
	Year = {2004}}

@inproceedings{rovedaforce,
	Author = {Roveda, Loris and Vicentini, Federico and Pedrocchi, Nicola and Tosatti, Lorenzo Molinari},
	Booktitle = {IEEE International Conference on Robotics and Automation (ICRA)},
	Title = {Force-tracking impedance control for manipulators mounted on compliant bases},
	Year = {2014}}

@inproceedings{li2014learning,
	Author = {Li, Miao and Yin, Hang and Tahara, Kenji and Billard, Aude},
	Booktitle = {IEEE International Conference on Robotics and Automation (ICRA)},
	Number = {EPFL-CONF-196594},
	Title = {Learning Object-level Impedance Control for Robust Grasping and Dexterous Manipulation},
	Year = {2014}}

@article{schneider1992object,
	Author = {Schneider, Stanley A and Cannon Jr, Robert H},
	Journal = {Robotics and Automation, IEEE Transactions on},
	Number = {3},
	Pages = {383--394},
	Publisher = {IEEE},
	Title = {Object impedance control for cooperative manipulation: Theory and experimental results},
	Volume = {8},
	Year = {1992}}

@article{hogan1985impedance,
	Author = {Hogan, Neville},
	Journal = {Journal of dynamic systems, measurement, and control},
	Number = {1},
	Pages = {8--16},
	Publisher = {American Society of Mechanical Engineers},
	Title = {Impedance control: An approach to manipulation: Part II---Implementation},
	Volume = {107},
	Year = {1985}}

@inproceedings{khatib1988object,
	Author = {Khatib, Oussama},
	Booktitle = {Proceedings of the 4th international symposium on Robotics Research},
	Organization = {MIT Press},
	Pages = {137--144},
	Title = {Object manipulation in a multi-effector robot system},
	Year = {1988}}

@article{smith2012dual,
	Author = {Smith, Christian and Karayiannidis, Yiannis and Nalpantidis, Lazaros and Gratal, Xavi and Qi, Peng and Dimarogonas, Dimos V and Kragic, Danica},
	Journal = {Robotics and Autonomous Systems},
	Number = {10},
	Pages = {1340--1353},
	Publisher = {Elsevier},
	Title = {Dual arm manipulation---A survey},
	Volume = {60},
	Year = {2012}}

@article{chiacchio1991global,
	Author = {Chiacchio, Pasquale and Chiaverini, Stefano and Sciavicco, Lorenzo and Siciliano, Bruno},
	Journal = {Robotics and Automation, IEEE Transactions on},
	Number = 5,
	Pages = {678--685},
	Publisher = {IEEE},
	Title = {Global task space manipulability ellipsoids for multiple-arm systems},
	Volume = 7,
	Year = 1991}

@inproceedings{hogan1987stable,
	Author = {Hogan, Neville},
	Booktitle = {Robotics and Automation. Proceedings. 1987 IEEE International Conference on},
	Organization = {IEEE},
	Pages = {1047--1054},
	Title = {Stable execution of contact tasks using impedance control},
	Volume = {4},
	Year = {1987}}

@article{pratt2001virtual,
	Author = {Pratt, Jerry and Chew, Chee-Meng and Torres, Ann and Dilworth, Peter and Pratt, Gill},
	Journal = {The International Journal of Robotics Research},
	Number = {2},
	Pages = {129--143},
	Publisher = {SAGE Publications},
	Title = {Virtual model control: An intuitive approach for bipedal locomotion},
	Volume = {20},
	Year = {2001}}

@article{caccavale2000task,
	Author = {Caccavale, Fabrizio and Chiacchio, Pasquale and Chiaverini, Stefano},
	Journal = {Automatica},
	Number = {6},
	Pages = {879--887},
	Publisher = {Elsevier},
	Title = {Task-space regulation of cooperative manipulators},
	Volume = {36},
	Year = {2000}}

@article{mansard2009unified,
	Author = {Mansard, Nicolas and Khatib, Oussama and Kheddar, Abderrahmane},
	Journal = {Robotics, IEEE Transactions on},
	Number = {3},
	Pages = {670--685},
	Publisher = {IEEE},
	Title = {A unified approach to integrate unilateral constraints in the stack of tasks},
	Volume = {25},
	Year = {2009}}

@inproceedings{ogren2012multi,
	Author = {Ogren, Petter and Smith, Christian and Karayiannidis, Yiannis and Kragic, Danica},
	Booktitle = {International IFAC Symposium on Robot Control, SyRoCo, Dubrovnik, Croatia},
	Title = {A multi objective control approach to online dual arm manipulation},
	Year = {2012}}

@inproceedings{wangIFAC2014,
	Address = {Cape Town, South Africa},
	Author = {Wang, Yuquan and Vina, Francisco and Karayiannidis, Yiannis and Smith, Christian and {\"O}gren, Petter},
	Booktitle = {19th IFAC World Congress},
	Month = {August},
	Title = {Dual Arm Manipulation using Constraint Based Programming},
	Year = {2014}}

@article{caccavale2008cooperative,
	Author = {Caccavale, Fabrizio and Uchiyama, Masaru},
	Journal = {Springer handbook of robotics},
	Pages = {701--718},
	Publisher = {Springer},
	Title = {Cooperative manipulators},
	Year = {2008}}

@inproceedings{kanoun2009prioritizing,
	Author = {Kanoun, Oussama and Lamiraux, Florent and Wieber, Pierre-Brice and Kanehiro, Fumio and Yoshida, Eiichi and Laumond, Jean-Paul},
	Booktitle = {Robotics and Automation, 2009. ICRA'09. IEEE International Conference on},
	Organization = {IEEE},
	Pages = {2939--2944},
	Title = {Prioritizing linear equality and inequality systems: application to local motion planning for redundant robots},
	Year = {2009}}

@article{bruyninckx1995kinematic,
	Author = {Bruyninckx, Herman and Demey, Sabine and Dutr{\'e}, Stefan and De Schutter, Joris},
	Journal = {The International journal of robotics research},
	Number = {5},
	Pages = {465--482},
	Publisher = {Sage Publications},
	Title = {Kinematic models for model-based compliant motion in the presence of uncertainty},
	Volume = {14},
	Year = {1995}}

@article{de2007constraint,
	Author = {De Schutter, Joris and De Laet, Tinne and Rutgeerts, Johan and Decr{\'e}, Wilm and Smits, Ruben and Aertbeli{\"e}n, Erwin and Claes, Kasper and Bruyninckx, Herman},
	Journal = {The International Journal of Robotics Research},
	Number = {5},
	Pages = {433--455},
	Publisher = {SAGE Publications},
	Title = {Constraint-based task specification and estimation for sensor-based robot systems in the presence of geometric uncertainty},
	Volume = {26},
	Year = {2007}}

@inproceedings{williams1993virtual,
	Author = {Williams, David and Khatib, Oussama},
	Booktitle = {Robotics and Automation, 1993. Proceedings., 1993 IEEE International Conference on},
	Organization = {IEEE},
	Pages = {1025--1030},
	Title = {The virtual linkage: A model for internal forces in multi-grasp manipulation},
	Year = {1993}}

@inproceedings{chang2000augmented,
	Author = {Chang, K-S and Holmberg, Robert and Khatib, Oussama},
	Booktitle = {Robotics and Automation, 2000. Proceedings. ICRA'00. IEEE International Conference on},
	Organization = {IEEE},
	Pages = {470--475},
	Title = {The augmented object model: Cooperative manipulation and parallel mechanism dynamics},
	Volume = {1},
	Year = {2000}}

@inproceedings{russakow1995extended,
	Author = {Russakow, Jeffrey and Khatib, Oussama and Rock, Stephen M},
	Booktitle = {Robotics and Automation, 1995. Proceedings., 1995 IEEE International Conference on},
	Organization = {IEEE},
	Pages = {1056--1061},
	Title = {Extended operational space formulation for serial-to-parallel chain (branching) manipulators},
	Volume = {1},
	Year = {1995}}

@inproceedings{uchiyama1993quadratic,
	Author = {Uchiyama, Masaru and Kanamori, Yasutaka},
	Booktitle = {Robotics, Mechatronics and Manufacturing Systems, Trans. IMACS/SICE Int. Symp. on Robotics, Mechatronics and Manufacturing Systems, Kobe, Japan, September 1992},
	Pages = {367--372},
	Title = {Quadratic programming for dextrous dual-arm manipulation},
	Year = {1993}}

@article{chiacchio1996direct,
	Author = {Chiacchio, P and Chiaverini, S and Siciliano, Bruno},
	Journal = {Journal of dynamic systems, measurement, and control},
	Number = {4},
	Pages = {691--697},
	Publisher = {American Society of Mechanical Engineers},
	Title = {Direct and inverse kinematics for coordinated motion tasks of a two-manipulator system},
	Volume = {118},
	Year = {1996}}

@article{uchiyama1992symmetric,
	Author = {Uchiyama, Masaru and Dauchez, Pierre},
	Journal = {Advanced Robotics},
	Number = {4},
	Pages = {361--383},
	Publisher = {Taylor \& Francis},
	Title = {Symmetric kinematic formulation and non-master/slave coordinated control of two-arm robots},
	Volume = {7},
	Year = {1992}}

@inproceedings{agravante14icra,
	Author = {Agravante, Don Joven and Cherubini, Andrea and Bussy, Antoine and Gergondet, Pierre and Kheddar, Abderrahmane},
	Booktitle = {International Conference on Robotics and Automation (ICRA)},
	Organization = {IEEE},
	Pages = {607--612},
	Title = {Collaborative Human-Humanoid Carrying Using Vision and Haptic Sensing},
	Year = {2014}}

@inproceedings{Arisumi09,
	Author = {Arisumi, H. and Chardonnet, J.-R. and Yokoi, K.},
	Booktitle = {IEEE/RSJ International Conference on Intelligent Robots and Systems},
	Month = {oct.},
	Pages = {428 -434},
	Title = {Whole-body motion of a humanoid robot for passing through a door - opening a door by impulsive force -},
	Year = {2009}}

@book{Ioannou96,
	Author = {P. A. Ioannou and J. Sun},
	Publisher = {Upper Saddle River, NJ:Prentice Hall},
	Title = {Robust Adaptive Control},
	Year = {1996}}

@article{Bruyninckx96,
	Author = {Bruyninckx, H. and De Schutter, J.},
	Journal = {IEEE Transactions on Robotics and Automation},
	Month = {Aug},
	Number = {4},
	Pages = {581-589},
	Title = {Specification of force-controlled actions in the ``task frame formalism''-a synthesis},
	Volume = {12},
	Year = {1996}}

@inproceedings{bussy2012a,
	Author = {Bussy, A. and Gergondet, P. and Kheddar, A. and Keith, F. and Crosnier,A.},
	Booktitle = {{Ro-Man'2012: International Symposium on Robot and Human InteractiveCommunication}},
	Month = Sep,
	Optaddress = {Universit{\'e} de Versaille, France},
	Pages = {962--967},
	Publisher = {IEEE/RSJ},
	Title = {Proactive Behavior of a Humanoid Robot in a Haptic Transportation Task with a Human Partner},
	Year = {2012}}

@inproceedings{bussy2012b,
	Address = {Vilamoura, Algarve, Portugal},
	Author = {Bussy, Antoine and Kheddar, Abderrahmane and Crosnier, Andr{\'e} and Keith, Fran{\c c}ois},
	Booktitle = {{IROS'12: International Conference on Intelligent Robots and Systems}},
	Month = {October},
	Pages = {3633--3638},
	Title = {Human-Humanoid Haptic Joint Object Transportation Case Study},
	Volume = {1},
	Year = {2012}}

@article{Cheah06,
	Author = {C.C. Cheah and C. Li and J.J.E. Slotine},
	Journal = {The International Journal of Robotics Research},
	Number = {3},
	Pages = {283-296},
	Title = {Adaptive Tracking Control for Robots with Unknown Kinematic and Dynamic Properties},
	Volume = {25},
	Year = {2006}}

@article{Cheah03,
	Author = {C. C. Cheah and S. Kawamura and S. Arimoto},
	Journal = {Automatica},
	Pages = {847-855},
	Title = {Stability of hybrid position and force control for robotic kinematics and dynamics uncertainties},
	Volume = {39},
	Year = {2003}}

@article{Chung09,
	Author = {Woojin Chung and Changju Rhee and Youngbo Shim and Hyungjin Lee and Shinsuk Park},
	Journal = {IEEE Transactions on Industrial Electronics},
	Month = {oct.},
	Number = {10},
	Optkeywords = {active-sensing strategy;autonomous robot;door-opening control;fingertip-contact forces;force sensor;human coexisting real environments;kinematic parameters;manipulation services;multifingered robot hand;service robot;manipulator kinematics;mobile robots;service robots;},
	Pages = {3975--3984},
	Title = {Door-Opening Control of a Service Robot Using the Multifingered Robot Hand},
	Volume = {56},
	Year = {2009}}

@article{Craig81,
	Author = {Raibert,M. H. and Craig,J. J.},
	Journal = {Journal of Dynamic Systems, Measurement and Control, Transactions of the ASME},
	Number = {2},
	Pages = {126-133},
	Title = {Hybrid Position/Force Control of Manipulators.},
	Volume = {103},
	Year = {1981}}

@inproceedings{Corteville07,
	Author = {B. Corteville and E. Aertbelien and H. Bruyninckx and J. De Schutter and H. Van Brussel},
	Booktitle = {Proc. IEEE International Conference on Robotics and Automation},
	Month = {Apr},
	Pages = {3639--3644},
	Title = {Human-inspired robot assistant for fast point-to-point movements},
	Year = {2007}}

@article{Erden10,
	Author = {M.S.Erden and Tetsuo Tomiyama},
	Journal = {IEEE Transactions on Robotics},
	Number = {2},
	Pages = {370--382},
	Title = {Human-Intent Detection and Physically Interactive Control of a Robot Without Force Sensors},
	Volume = {26},
	Year = {2010}}

@inproceedings{Gribovskaya11,
	Author = {E. Gribovskaya and A. Kheddar and A. Billard},
	Booktitle = {Proc. IEEE International Conference on Robotics and Automation},
	Month = {May},
	Pages = {4326-4332},
	Title = {Motion learning and adaptive impedance for robot control during physical interaction with humans},
	Year = {2011}}

@inproceedings{Ikeura95,
	Author = {R. Ikeura and H. Inooka},
	Booktitle = {Proc. IEEE International Conference on Robotics and Automation},
	Month = {May},
	Pages = {3097-3102},
	Title = {Motion learning and adaptive impedance for robot control during physical interaction with humans},
	Volume = {3},
	Year = {1995}}

@inproceedings{Jain09,
	Author = {Jain, A. and Kemp, C.C.},
	Booktitle = {IEEE-RAS International Conference on Humanoid Robots},
	Month = {dec.},
	Pages = {498--505},
	Title = {Pulling open novel doors and drawers with equilibrium point control},
	Year = {2009}}

@conference{Jain10,
	Author = {Jain, A. and Kemp, C.C.},
	Booktitle = {Proceedings - IEEE International Conference on Robotics and Automation},
	Pages = {1807-1814},
	Title = {Pulling open doors and drawers: Coordinating an omni-directional base and a compliant arm with equilibrium point control},
	Year = {2010}}

@inproceedings{Jlassi12,
	Author = {S. Jlassi and S. Tliba and Y. Chitour},
	Booktitle = {Proc. IFAC Symposium on Robot Control (SYROCO)},
	Month = {Sep},
	Pages = {--},
	Title = {On Human-Robot Co-manipulation for Handling Tasks: Modeling and Control Strategy},
	Year = {2012}}

@article{Karayiannidis2009b,
	Author = {Karayiannidis, Y. and Doulgeri, Z.},
	Journal = {Automatica},
	Number = {10},
	Pages = {2374-2382},
	Title = {Adaptive control of robot contact tasks with on-line learning of planar surfaces},
	Volume = {45},
	Year = {2009}}

@inproceedings{Karayiannidis2012a,
	Address = {Dubrovnik, Croatia},
	Author = {Yiannis Karayiannidis and Christian Smith and Petter {\"O}gren and Danica Kragic},
	Booktitle = {International IFAC Symposium on Robotic Control},
	Month = {Sep},
	Pages = {826--831},
	Title = {Adaptive Force/Velocity Control for Opening Unknown Doors},
	Year = {2012}}

@inproceedings{Karayiannidis12b,
	Address = {Vilamoura, Portugal},
	Author = {Yiannis Karayiannidis and Christian Smith and Francisco Vi{\~n}a and Petter \"Ogren and Danica Kragic},
	Booktitle = {{IEEE/RSJ} Conference on Intelligent Robots and Systems},
	Month = {Oct},
	Pages = {4040-4047},
	Title = {{``Open Sesame!'' - Adaptive Force/Velocity Control for Opening Unknown Doors}},
	Year = {2012}}

@inproceedings{karayiannidis2013icra,
	Author = {Yiannis Karayiannidis and Christian Smith and Francisco Vina and Petter {\"O}gren and Danica Kragic},
	Booktitle = {{IEEE} International Conference on Robotics and Automation},
	Pages = {4470--4477},
	Title = {Model-free robot manipulation of doors and drawers by means of fixed-grasps.},
	Year = {2013}}

@inproceedings{karayiannidis2013iros,
	Author = {Yiannis Karayiannidis and Christian Smith and Francisco Vina and Danica Kragic},
	Booktitle = {{IEEE/RSJ} International Conference on Intelligent Robots and Systems},
	Pages = {4872--4878},
	Title = {Online Kinematics Estimation for Active Human-Robot Manipulation of Jointly Held Objects},
	Year = {2013}}

@inproceedings{Kessens10,
	Author = {Kessens, C.C. and Rice, J.B. and Smith, D.C. and Biggs, S.J. and Garcia, R.},
	Booktitle = {IEEE/RSJ International Conference on Intelligent Robots and Systems},
	Month = {oct.},
	Pages = {483 -489},
	Title = {Utilizing compliance to manipulate doors with unmodeled constraints},
	Year = {2010}}

@article{Kim10,
	Author = {Kim, D.W. and Kang, J.-H.and Park, G.-T.},
	Journal = {International Journal of Robotics and Automation},
	Number = {4},
	Pages = {271-284},
	Title = {Door-opening behaviour by home service robot in a house},
	Volume = {25},
	Year = {2010}}

@inproceedings{Kosuge00,
	Author = {K. Kosuge and M. Sato and N. Kazamura},
	Booktitle = {Proc. IEEE International Conference on Robotics and Automation},
	Pages = {583-588},
	Title = {Mobile robot helper},
	Volume = {1},
	Year = {2000}}

@inproceedings{Kosuge01,
	Author = {K. Kosuge and H. Kakuya and Y. Hirata},
	Booktitle = {Proc. IEEE International Conference on Systems, Man, and Cybernetics},
	Pages = {3223-3228},
	Title = {Control algorithm of dual arms mobile robot for cooperative works with human},
	Volume = {5},
	Year = {2001}}

@inproceedings{Kosuge97,
	Author = {K. Kosuge and N. Kazamura},
	Booktitle = {Proc. IEEE International Workshop on Robot and Human Communication RO-MAN '97},
	Pages = {142-147},
	Title = {Control of a robot handling an object in cooperation with a human},
	Volume = {1},
	Year = {1997}}

@article{Lee00,
	Author = {H.-K Lee and T. Takubo and H. Arai and K. Tanie},
	Journal = {Journal of Robotic Systems},
	Number = {9},
	Pages = {469-- 477},
	Title = {Human-Intent Detection and Physically Interactive Control of a Robot Without Force Sensors},
	Volume = {17},
	Year = {2000}}

@inproceedings{Lutscher10,
	Author = {Lutscher, E. and Lawitzky, M. and Cheng, G. and Hirche, S.},
	Booktitle = {IEEE International Conference on Robotics and Automation},
	Issn = {1050-4729},
	Keywords = {admittance controller;constraint manifold;direction estimation;mechanically constrained device;mobile manipulator;online estimation;versatile control strategy;force control;manipulators;mobile robots;},
	Month = {may},
	Pages = {819 -824},
	Title = {A control strategy for operating unknown constrained mechanisms},
	Year = {2010}}

@inproceedings{Ma11,
	Author = {Ma, D. and Wang, H. and Chen, W.},
	Booktitle = {IEEE International Conference on Robotics and Biomimetics},
	Month = {dec.},
	Pages = {2366 - 2371},
	Title = {Unknown Constrained Mechanisms Operation based on Dynamic Hybrid Compliance Control},
	Year = {2011}}

@inproceedings{Maeda01,
	Author = {Y. Maeda and T. Hara and T. Arai},
	Booktitle = {Proc. IEEE/RSJ International Conference on Intelligent Robots and Systems},
	Pages = {2240--2245},
	Title = {Human-robot cooperative manipulation with motion estimation},
	Volume = {4},
	Year = {2001}}

@article{Mortl12,
	Author = {A. M\"{o}rtl and M. Lawitzky and A. Kucukyilmaz and M. Sezgin and C. Basdogan and S. Hirche},
	Journal = {The International Journal of Robotics Research},
	Pages = {1656--1674},
	Title = {The role of roles: Physical cooperation between humans and robots},
	Volume = {31},
	Year = {2012}}

@inproceedings{Nagatani95,
	Author = {Nagatani, K. and Yuta, S.I.},
	Booktitle = {IEEE/RSJ International Conference on Intelligent Robots and Systems 95},
	Month = {aug},
	Pages = {45--50},
	Title = {An experiment on opening-door-behavior by an autonomous mobile robot with a manipulator},
	Volume = {2},
	Year = {1995}}

@inproceedings{Niemeyer97,
	Author = {Niemeyer, G. and Slotine, J.-J.E.},
	Booktitle = {IEEE International Conference on Robotics and Automation},
	Keywords = {direction estimation;door opening;dynamics;filtering;force control;kinematics;least resistance path;robotic manipulators;filtering theory;force control;manipulator dynamics;manipulator kinematics;motion control;},
	Month = {apr},
	Pages = {1448--1453 vol.2},
	Title = {A simple strategy for opening an unknown door},
	Volume = {2},
	Year = {1997}}

@inproceedings{Ott05,
	Author = {Ott, C. and B\"{a}uml, B. and Borst, C. and Hirzinger, G.},
	Booktitle = {IEEE/RSJ International Conference on Intelligent Robots and Systems, Workshop on mobile manipulators: Basic techniques, new trends \& applications},
	Title = {Employing Cartesian impedance control for the opening of a door: A case study in mobile manipulation},
	Year = {2005}}

@inproceedings{Peterson00,
	Author = {Peterson, L. and Austin, D. and Kragic, D.},
	Booktitle = {IEEE/RSJ International Conference on Intelligent Robots and Systems},
	Pages = {2333 -2338},
	Title = {High-level control of a mobile manipulator for door opening},
	Volume = {3},
	Year = {2000}}

@inproceedings{Petrovskaya07,
	Address = {Hydrabad, India},
	Author = {A.~Petrovskaya and A.~Y.~Ng},
	Booktitle = {International Joint Conference on Artifical Intelligence},
	Month = {January},
	Pages = {2178--2184},
	Title = {Probabilistic Mobile Manipulation in Dynamic Environments with Application to Opening Doors},
	Year = {2007}}

@inproceedings{Prats06,
	Author = {Prats, M. and del Pobil, A.P. and Sanz, P.J.},
	Booktitle = {2006 IEEE/RSJ International Conference on Intelligent Robots and Systems},
	Keywords = {complex manipulation task;compliant execution;control architecture;dependable physical interaction;modular software architecture;robot arm;task frame formalism;three-finger hand;control engineering computing;dexterous manipulators;software architecture;},
	Month = {oct.},
	Pages = {4472 -4477},
	Title = {A Control Architecture for Compliant Execution of Manipulation Tasks},
	Year = {2006}}

@inproceedings{Parker11,
	Author = {C. A. C Parker and E. A. Croft},
	Booktitle = {Proc. IEEE/RSJ International Conference on Intelligent Robots and Systems},
	Pages = {3361--3366},
	Title = {Experimental investigation of human-robot cooperative carrying},
	Year = {2011}}

@inproceedings{Prats08,
	Author = {Prats, M. and Wieland, S. and Asfour, T. and del Pobil, A.P. and Dillmann, R.},
	Booktitle = {IEEE-RAS International Conference on Humanoid Robots},
	Month = {dec.},
	Pages = {475--480},
	Title = {Compliant interaction in household environments by the {Armar-III} humanoid robot},
	Year = {2008}}

@article{Sturm11,
	Author = {Sturm, J. and Stachniss, C. and Burgard, W.},
	Journal = {Journal of Artificial Intelligence Research},
	Pages = {477-526},
	Title = {A probabilistic framework for learning kinematic models of articulated objects},
	Volume = {41},
	Year = {2011}}

@inproceedings{Thobbi11,
	Author = {Thobbi, Anand and Gu, Ye and Weihua Sheng},
	Booktitle = {2011 IEEE/RSJ International Conference on Intelligent Robots and Systems (IROS),},
	Optdoi = {10.1109/IROS.2011.6094904},
	Optissn = {2153-0858},
	Optkeywords = {Acceleration;Gain control;Humans;Learning;Robot kinematics;Trajectory},
	Pages = {2873--2878},
	Title = {Using human motion estimation for human-robot cooperative manipulation},
	Year = {Sept.}}

@inproceedings{Rahman99,
	Author = {M.M. Rahman and R. Ikeura and K. Mizutani},
	Booktitle = {Proc. IEEE International Conference on Systems, Man, and Cybernetics},
	Pages = {676--681},
	Title = {Investigating the impedance characteristic of human arm for development of robots to co-operate with human operators},
	Volume = {2},
	Year = {1999}}

@inproceedings{Schmid08,
	Author = {Schmid, A.J. and Gorges, N. and Goger, D. and Worn, H.},
	Booktitle = {IEEE International Conference on Robotics and Automation (ICRA)},
	Month = {may},
	Pages = {285 -291},
	Title = {Opening a door with a humanoid robot using multi-sensory tactile feedback},
	Year = {2008}}

@book{Slotine93,
	Author = {J.J. Slotine and W. Li},
	Publisher = {Prentice Hall},
	Title = {Applied Nonlinear Control},
	Year = {1993}}

@article{Smith2012,
	Author = {Christian Smith and Yiannis Karayiannidis and Lazaros Nalpantidis and Xavi Gratal and Peng Qi and Dimos V. Dimarogonas and Danica Kragic},
	Journal = {Robotics and Autonomous Systems},
	Number = {10},
	Optdoi = {10.1016/j.robot.2012.07.005},
	Optissn = {0921-8890},
	Opturl = {http://www.sciencedirect.com/science/article/pii/S092188901200108X},
	Pages = {1340--1353},
	Title = {Dual Arm Manipulation - A Survey},
	Volume = {60},
	Year = {2012}}

@inproceedings{Sturm10,
	Author = {Sturm, J. and Jain, A. and Stachniss, C. and Kemp, C.C. and Burgard, W.},
	Booktitle = {IEEE/RSJ International Conference on Intelligent Robots and Systems (IROS)},
	Month = {oct.},
	Pages = {2739--2744},
	Title = {Operating articulated objects based on experience},
	Year = {2010}}

@article{Takubo02,
	Author = {T. Takubo and H. Arai and Y. Hayashibara and K. Tanie},
	Journal = {The International Journal of Robotics Research},
	Pages = {541--553},
	Title = {Human-Robot Cooperative Manipulation Using a Virtual Nonholonomic Constraint},
	Volume = {21},
	Year = {2002}}

@inproceedings{Thobbi10,
	Author = {A. Thobbi and G. Ye and W. Sheng},
	Booktitle = {Proc. IEEE/RSJ International Conference on Intelligent Robots and Systems},
	Pages = {2873--2878},
	Title = {Using human motion estimation for human-robot cooperative manipulation},
	Year = {2011}}

@inproceedings{Vanthienen2012,
	Address = {Dubrovnik, Croatia},
	Author = {Dominick Vanthienen and Tinne De Laet and Wilm Decr\'e and Herman Bruyninckx and Joris De Schutter},
	Booktitle = {International IFAC Symposium on Robotic Control},
	Month = {Sep},
	Pages = {759--766},
	Title = {Force-Sensorless and Bimanual Human-Robot Comanipulation},
	Year = {2012}}

@inproceedings{Wieland09,
	Author = {Wieland, S. and Gonzalez-Aguirre, D. and Vahrenkamp, N. and Asfour, T. and Dillmann, R.},
	Booktitle = {IEEE-RAS International Conference on Humanoid Robots},
	Keywords = {6D force-torque sensor;door recognition;force control strategies;force feedback;humanoid interaction tasks;humanoid robot ARMAR-A?Ia;markerless recognition;model-based self-localization;physical interaction tasks;stereo-vision methods;visual feedback;visual planning;visual servoing;force control;force feedback;humanoid robots;robot vision;},
	Month = {dec.},
	Pages = {439--446},
	Title = {Combining force and visual feedback for physical interaction tasks in humanoid robots},
	Year = {2009}}

@article{Wojtara09,
	Author = {T. Wojtara and M. Uchihara and H. Murayama and S. Shimoda and S. Sakai and H. Fujimoto and H. Kimura},
	Journal = {Automatica},
	Number = {2},
	Pages = {333--342},
	Title = {Human-robot collaboration in precise positioning of a three-dimensional object},
	Volume = {45},
	Year = {2009}}

@inproceedings{Yokoyama03,
	Author = {K. Yokoyama and H. Handa and T. Isozumi and Y. Fukase and K. Kaneko and F. Kanehiro and Y. Kawai and F. Tomita and H. Hirukawa},
	Booktitle = {Proc. IEEE International Conference on Robotics and Automation},
	Pages = {2985--2991},
	Title = {Cooperative works by a human and a humanoid robot},
	Volume = {3},
	Year = {2003}}

@book{Yoshikawa90,
	Author = {T. Yoshikawa},
	Publisher = {Cambridge, MA:MIT Press},
	Title = {Foundations of Robotics},
	Year = {1990}}

@inproceedings{Ogren2012,
	Address = {Dubrovnik, Croatia},
	Author = {Petter {\"O}gren and Christian Smith and Yiannis Karayiannidis and Danica Kragic},
	Booktitle = {International IFAC Symposium on Robotic Control},
	Month = {Sep},
	Pages = {747--752},
	Title = {A Multi Objective Control Approach to Online Dual Arm Manipulation},
	Year = {2012}}

@conference{Oyama2009,
	Author = {Akihisa Oyama and Kurt Konolige and Steve Cousins and Sachin Chitta and Ken Conley and Gary Bradski},
	Booktitle = {RSJ},
	Month = {Sep},
	Optabstract = {<p>~~~~~~~~~~~~ Willow Garage delivers open source robotics: a research platform that will enable scientists around the world to share<br />results and replicate each others{\textquoteright} experiments. This paper introduces the latest research results and reports on the open source projects<br />and communities that Willow Garage supports. It also includes information on the Willow Garage beta program that will make<br />available 10 PR2 robots at no cost to researchers, and on the future direction and opportunities surrounding the company, partners<br />and community members.</p>},
	Optattachments = {http://www.willowgarage.com/sites/default/files/RSJ2009_AkihisaOyama_ComeOnIn_En.pdf},
	Opturl = {http://www.rsj.or.jp/rsj2009/},
	Title = {Come on in, our community is wide open for Robotics research!},
	Year = {2009}}

@article{patel2005collision,
	Author = {Patel, RV and Shadpey, F. and Ranjbaran, F. and Angeles, J.},
	Journal = {Journal of Robotic Systems},
	Number = {12},
	Pages = {737--757},
	Publisher = {Wiley Online Library},
	Title = {A collision-avoidance scheme for redundant manipulators: Theory and experiments},
	Volume = {22},
	Year = {2005}}

@book{Siciliano_book,
	Author = {B. Siciliano and L. Sciavicco and L. Villani and G. Oriolo},
	Publisher = {Springer-Verlag},
	Title = {Robotics: Modelling, Planning and Control},
	Year = {2009}}
